@misc{1,key=1,title = "I. Foster, C. Kesselman, S. Tuecke. The Anatomy of the Grid: Enabling Scalable Virtual Organizations. {\it International J. Supercomputer Applications}, 2001, 15(3)."}
@misc{2,key=2,title=" I. Foster. What is the Grid? A Three Point Checklist. {\it GRIDToday}, July 20, 2002."}
@misc{3,key=3,title=" I Foster, Yong Zhao, I Raicu, S Lu. Cloud Computing and Grid Computing 360-Degree Compared. In {\it Proc. Grid Computing Environments Workshop, 2008. GCE '08} , November 16, 2008, pp. 1--10."}
@misc{4,key=4,title=" Stephanos Androutsellis-Theotokis, Diomidis Spinellis. A survey of peer-to-peer content distribution technologies. {\it ACM Computing Surveys}, 2004, 36(4):335-371."}
@misc{5,key=5,title=" Kholidy, H.A.   Azab, A.A.   Deif, S.H. Enhanced ULTRA GRIDSEC: Enhancing High Performance Symmetric Key Cryptography Schema Using Pure Peer To Peer Computational Grid Middleware (HIMAN). In {\it Proc. ICPCA 2008}, Alexandria, Egypt, 2008, Vol. 1 pp. 26 -- 31."}
@misc{HIMAN-struct--6,key=6,title=" A.E El-Desoky, H.A Ali, A.A Azab. A Pure Peer-To-Peer Desktop Grid framework with efficient fault tolerance. In {\it Proc. ICCES'07}, Cairo, Egypt, November, 2007, pp. 346 -- 352."}
@misc{grid-taxonomy--7,key=7,title= "Klaus Krauter, Rajkumar Buyya, and Muthucumaru Maheswaran. A Taxonomy and Survey of Grid Resource Management Systems. {\it SOFTWARE-PRACTICE AND EXPERIENCE}, 2002, 32:p. 135--164."}
@misc{8x,key=8,title=" Condor project. http://www.cs.wisc.edu/condor/."}
@misc{9x,key=9,title=" The Globus toolkit. http://www.globus.org/toolkit/."}
@misc{10x,key=10,title=" Open-source software for volunteer computing and grid computing. http://boinc.berkeley.edu/."}
@misc{SZTAKI--11,key=11,title=" Peter Kacsuk, Norbert Podhorszki, and Tamas Kiss. Scalable desktop Grid system. In {\it 7th International meeting on high performance computing for computational science VECPAR}, Rio de Janeiro, Brazil, 2006, pp. 1--13."}
@misc{12x,key=12,title=" Akshay Luther, Rajkumar Buyya, Rajiv Ranjan, and Srikumar Venugopal. Peer-to-Peer Grid Computing and a .NET-based Alchemi Framework. Wiley Press, New Jersey, USA, June 2005."}
@misc{13,key=13,title=" A.A Azab, H.A Kholidy. An adaptive decentralized scheduling mechanism for peer-to-peer Desktop Grids. In {\it Proc. ICCES'08}, Cairo, Egypt, November, 2008, pp. 364 -- 371."}
@misc{14,key=14,title=" Alberto Montresor, M�ark Jelasity. PeerSim: A Scalable P2P Simulator. http://peersim.sourceforge.net/."}
@misc{15,key=15,title=" Ali E. El-Desoky, Hisham A. Ali, Abdulrahman A. Azab. Improving Fault Tolerance in Desktop Grids Based On Incremental Checkpointing. In {\it Proc. ICCES'06}, Cairo, Egypt, November, 2006, pp. 386--392."}
@misc{VOMS--16,key=16,title=" EU DataGrid Java Security Working Group. VOMS Architecture v1.1. http://grid-auth.infn.it/docs/."}
@misc{APGrid--17,key=17,title=" Asia-Pacific Grid. http://www.apgrid.org/."}
@misc{EGEE--18,key=18,title=" EGEE: Enabling Grids for E-Science in Europe. http://public.eu-egee.org/."}
@misc{D4Science--19,key=19,title=" D4Science: DIstributed colLaboratories Infrastructure on Grid ENabled Technology 4 Science. http://www.d4science.eu/."}
@misc{Grid3--20,key=20,title=" Gardner R. Grid3 : An Application Grid Laboratory for Science. In {\it Proc. Computing in High Energy Physics and Nuclear Physics 2004}, Interlaken, Switzerland, 27 Sep - 1 Oct, 2004, pp.18."}
@misc{DEISA--21,key=21,title=" Hermann Lederer, Gavin J. Pringle, Denis Girou, Marc-Andr�e Hermanns, Giovanni Erbacci. DEISA: Extreme Computing in an Advanced Supercomputing Environment. {\it NIC Series}, 2007, 38(1): 687--688."}
@misc{grid-multimedia,key=22,title=" G. Coulson, M. Clarke. A Distributed Object Platform Infrastructure for Multimedia Applications. {\it Computer Communications}, 1998, 21(9): 802--818."}
@misc{23x,key=23,title=" Ladislau Boloni, Kyungkoo Jun, Krzysztof Palacz, Radu Sion, and Dan C. Marinescu. The Bond Agent System and Applications. In {\it Proc. ASA/MA}, September 13 - 15, 2000, pp. 99--113."}
@misc{GHOSTS--24,key=24,title=" T. Kooburat, V. Muangsin. Centralized Grid Hosting System for Multiple Virtual Organizations. In {\it Proc. ANSCSE10}, 22-24 March 2006."}
@misc{NorduGrid--25,key=25,title=" NorduGrid: Nordic Testbed for Wide Area Computing and Data Handling, http://www.nordugrid.org/."}
%hyprid p2p pub-sub systems:
@misc{pastry--26,key=26,title=" A. Rowstron and P. Druschel. Pastry: Scalable, decentralized object location and routing for large-scale peer-to-peer systems. In {\it Proc. IFIP/ACM International Conference on Distributed Systems Platforms (Middleware)}, Heidelberg, Germany, Nov, 2001, pp. 329--350."}
@misc{chord--27,key=27,title=" Stoica, Ion et al. Chord: A Scalable Peer-to-peer Lookup Service for Internet Applications. In {\it Proc. SIGCOMM'01 (ACM Press)}, New York, NY, USA, 2001."}
@misc{CAN--28,key=28,title=" Ratnasamy et al. A Scalable Content-Addressable Network. In {\it Proceedings of ACM SIGCOMM}, 2001."}
@misc{Tapestry--29,key=29,title=" Zhao, B.Y.   Ling Huang   Stribling, J.   Rhea, S.C.   Joseph, A.D.   Kubiatowicz, J.D.Tapestry: A Resilient Global-Scale Overlay for Service Deployment. {\it IEEE JOURNAL ON SELECTED AREAS IN COMMUNICATIONS}, 2004, 22(1)."}
@misc{condor-preemptive-scheduling--30,key=30,title=" Alain Roy, Miron Livny. 	Condor and Preemptive Resume Scheduling. {\it Grid Resource Management: State of the Art and Future Trends}, Fall 2003 :135--144."}
%volunteer computing:
@misc{XtremWeb--31,key=31,title=" XtremWeb : the Open Source Platform for Desktop Grids, http://www.xtremweb.net/, Retrieved 31-01-2010."}
@misc{UD-metaprocessor--32,key=32,title=" Venkat, Jikku. Grid Computing in the Enterprise with the UD MetaProcessor. In {\it Proc. Second International Conference on Peer-to-Peer Computing (P2P'02)}, 2002, pp. 4."}
%Other pub sub systems:
@misc{pub-sub--33,key=33,title=" Guruduth Banavar, Tushar Chandra, Bodhi Mukherjee, Jay Nagarajarao,
Robert E. Storm, and Daniel C. Sturman. An efficient multicast protocol for
content-based publish-subscribe systems. In {\it Proc. International Conference on Distributed Computing Systems}, 1999."}
@misc{SCRIBE--34,key=34,title=" Miguel Castro, Peter Druschel, Anne-Marie Kermarrec, and Antony Rowstron. Scribe: A large-scale and decentralized publish-subscribe infrastructure. In {\it Proc. 1st workshop on Network and system support for games}, Braunschweig, Germany, 2002, pp. 3 -- 9."}
@misc{Bayeux--35,key=35,title=" S. Zhuang, B. Zhao, A. Joseph, R. Katz, and J. Kubiatowicz. Bayeux: An Architecture for Scalable and Fault-Tolerant WideArea Data Dissemination. In {\it Proc. 11th Int'l Workshop Network and Operating System Support for Digital Audio and Video (NOSSDAV '01)}, June 2001."}
%Scheduling
@misc{grid-taxonomy--36,key=36,title=" Arshad Ali, Ashiq Anjum, Atif Mehmood, Richard McClatchey, Ian Willers, Julian Bunn1, Harvey. A Taxonomy and Survey of Grid Resource Planning and Reservation Systems for Grid Enabled Analysis Environment. In {\it Proc. International Symposium on Distributed Computing and Applications to Business Engineering and Science}, 5 Jul 2004."}
@misc{jdean2007,key=2007,title=" J.~Dean. Software engineering advice from building large-scale distributed systems. Last checked: Jan 31, 2010. http://research.google.com/people/jeff/stanford-295-talk.pdf."}

@misc{jugene, key=Jugene, title="Supercomputing: J�lich Amongst World Leaders Again. J�lich Research Centre. 2007-11-12. Retrieved 2008-05-02"}
@misc{MareNostrum, key=MareNostrum, title="MareNostrum: A new concept in Linux supercomputing, Power Architecture Community Newsletter, 15 February 2005"}

%%%%%%%%Docker%%%%%%%%%%%%%%%
@article{docker,
	author = {Merkel, Dirk},
	title = {Docker: Lightweight Linux Containers for Consistent Development and Deployment},
	journal = {Linux J.},
	issue_date = {March 2014},
	volume = {2014},
	number = {239},
	month = mar,
	year = {2014},
	issn = {1075-3583},
	articleno = {2},
	url = {http://dl.acm.org/citation.cfm?id=2600239.2600241},
	acmid = {2600241},
	publisher = {Belltown Media},
	address = {Houston, TX},
}
@misc{lxc,
	title = {LXC - Linux Containers},
	howpublished = {\url{linuxcontainers.org/lxc}},
	note = {Accessed: 2016-05-21}
}
@misc{lxd,
	title = {LXD - Linux Containers},
	howpublished = {\url{linuxcontainers.org/lxd}},
	note = {Accessed: 2016-05-21}
}
@misc{runc,
	title = {runC - CLI tool for spawning and running containers according to the OCI specification},
	howpublished = {\url{https://github.com/opencontainers/runc}},
	note = {Accessed: 2017-01-17}
}
@misc{singularity,
	author       = {Kurtzer, Gregory M.},
	title        = {{Singularity 2.1.2 - Linux application and 
	environment containers for science}},
	month        = aug,
	year         = 2016,
	doi          = {10.5281/zenodo.60736},
	url          = {https://doi.org/10.5281/zenodo.60736}
}
@misc{cpouta,
	title        = {{cPouta IaaS Cloud}},
	month        = aug,
	year         = 2016,
	howpublished = {\url{https://research.csc.fi/cpouta}},
	note		 = {Accessed: 2016-12-01}
}
@misc{socker,
	author = {Abdulrahman Azab},
	title = {socker: A wrapper for secure running of Docker containers on Slurm},
	howpublished = {\url{https://github.com/unioslo/socker}},
	note = {Accessed: 2016-12-01}
}
@misc{fs-layers,
	title = {Layers},
	howpublished = {\url{https://docs.docker.com/terms/layer/}},
	note = {Accessed: 2015-04-22}
}
@misc{pmap,
	title = {pMap: Parallel Sequence Mapping Tool},
	howpublished = {\url{http://bmi.osu.edu/hpc/software/pmap/pmap.html}},
	note = {Accessed: 2016-05-21}
}
@misc{beegfs,
	title = {BeeGFS: The Parallel Cluster File System},
	howpublished = {\url{http://www.beegfs.coml}},
	note = {Accessed: 2017-01-21}
}
@misc{bootfs, key=Bootfs, title="''File System''. http://docs.docker.com/terms/filesystem/. Retrieved 2015-04-22."}
@misc{biolinux, key=BioLinux, title="''Bio-Linux Overview''. \textit{http://environmentalomics.org/bio-linux/} accessed 2016-05-21."}
@misc{rocket,
	title = {rkt - App Container runtime},
	howpublished = {\url{https://github.com/coreos/rkt}},
	note = {Accessed: 2016-05-21}
}
@misc{drawbridge,
	title = {Microsoft Research - Drawbridge},
	howpublished = {\url{http://research.microsoft.com/en-us/projects/drawbridge/}},
	note = {Accessed: 2016-05-21}
}
@misc{abel,
	title = {MOAB HPC SUITE},
	howpublished = {\url{http://www.adaptivecomputing.com/products/hpc-products/moab-hpc-basic-edition/}},
	note = {Accessed: 2017-01-21}
}
@inproceedings{pbs,
	author = {Feng, Hanhua and Misra, Vishal and Rubenstein, Dan},
	title = {PBS: A Unified Priority-based Scheduler},
	series = {SIGMETRICS '07},
	year = {2007},
	pages = {203--214},
	numpages = {12},
	publisher = {ACM},
	address = {New York, NY, USA}
} 
@misc{moab,
	author = {Jonathan Corbet},
	title = {Notes from a container},
	howpublished = {\url{https://lwn.net/Articles/256389/}},
	year = {October 29, 2007},
	note = {Accessed: 2016-05-21}
}
@book{ganglia,
	author = {Massie, Matt and Li, Bernard and Nicholes, Brad and Vuksan, Vladimir and Alexander, Robert and Buchbinder, Jeff and Costa, Frederiko and Dean, Alex and Josephsen, Dave and Phaal, Peter and Pocock, Daniel},
	title = {Monitoring with Ganglia},
	year = {2012},
	edition = {1st},
	publisher = {O'Reilly Media, Inc.},
} 
@misc{swarm,
	title = {Docker Swarm},
	howpublished = {\url{https://docs.docker.com/swarm/}},
	note = {Accessed: 2016-05-21}
}
@misc{docker-condor,
	title = {Docker and HTCondor},
	howpublished = {\url{https://research.cs.wisc.edu/htcondor/ HTCondorWeek2015/presentations/ThainG\_Docker.pdf}},
	note = {Accessed: 2016-05-21}
}
@misc{cgroups,
	author = {Jonathan Corbet},
	title = {Notes from a container},
	howpublished = {\url{https://lwn.net/Articles/256389/}},
	year = {October 29, 2007},
	note = {Accessed: 2016-05-21}
}
@misc{tsd,
	title = {Tjenester for Sensitive Data (TSD)},
	howpublished = {\url{http://www.uio.no/tjenester/it/forskning/sensitiv/}},
	note = {Accessed: 2018-05-21}
}
@misc{tsd-api,
	title = {Command line client for uploading files to the TSD HTTP API},
	howpublished = {\url{https://github.com/unioslo/tsd-api-client}},
	note = {Accessed: 2018-11-15}
}
@misc{ga4gh,
	title = {Global Alliance for Genomics & Health},
	howpublished = {\url{https://www.ga4gh.org/}},
	note = {Accessed: 2018-11-06}
}
@misc{elixir,
	title = {ELIXIR: A distributed infrastructure for life-science information},
	howpublished = {\url{https://www.elixir-europe.org/}},
	note = {Accessed: 2018-11-06}
}
@misc{excelerate,
	title = {EXCELERATE | ELIXIR},
	howpublished = {\url{https://www.elixir-europe.org/about-us/how-funded/eu-projects/excelerate}},
	note = {Accessed: 2018-11-06}
}
@misc{excelerate-wp9,
	title = {EXCELERATE WP9: Secure archiving, dissemination and analysis of human access-controlled data},
	howpublished = {\url{https://www.elixir-europe.org/about-us/how-funded/eu-projects/excelerate/wp9}},
	note = {Accessed: 2018-11-06}
}
@misc{tryggve,
	title = {NeIC Tryggve: Collaboration on Sensitive Data},
	howpublished = {\url{https://neic.no/tryggve/}},
	note = {Accessed: 2018-11-06}
}
@misc{computerome,
	title = {Computerome - Danish National Supercomputer for Life Sciences},
	howpublished = {\url{https://www.computerome.dk/}},
	note = {Accessed: 2018-11-06}
}
@misc{epouta,
	title = {ePouta - Secure and cost-effective cloud computing},
	howpublished = {\url{https://research.csc.fi/epouta}},
	note = {Accessed: 2018-11-06}
}
@misc{sftp-beamer,
	title = {A web application for facilitating the users to manage their data between two SFTP/SSH servers},
	howpublished = {\url{https://github.com/neicnordic/sftpbeamer}},
	note = {Accessed: 2018-11-06}
}
@misc{gdpr,
	title = {The EU General Data Protection Regulation },
	howpublished = {\url{https://eugdpr.org/}},
	note = {Accessed: 2018-11-06}
}
@misc{eosc-hub,
	title = {Services for the European Open Science Cloud},
	howpublished = {\url{https://eosc-hub.eu/}},
	note = {Accessed: 2018-11-06}
}

@misc{neic,
	title = {NeIC: Nordic e-Infrastructure Collaboration},
	howpublished = {\url{https://neic.nordforsk.org/}},
	note = {Accessed: 2016-05-21}
}
@article{bowtie,
	author = {Langmead, Ben and Trapnell, Cole and Pop, Mihai and Salzberg, Steven},
	biburl = {http://www.bibsonomy.org/bibtex/278121898b14df5c2821550a1ac02d1d8/ytyoun},
	description = {Next generation sequencing},
	doi = {10.1186/gb-2009-10-3-r25},
	interhash = {a19b702c652f4f2b57c914cbd0fc992c},
	intrahash = {78121898b14df5c2821550a1ac02d1d8},
	issn = {1465-6906},
	journal = {Genome Biology},
	keywords = {bowtie sequencing short-reads},
	number = 3,
	pages = {R25},
	timestamp = {2012-04-22T21:09:08.000+0200},
	title = {Ultrafast and memory-efficient alignment of short DNA sequences to
	the human genome},
	volume = 10,
	year = 2009
}

@inproceedings{shifter,
	author = {Doug Jacobsen and Shane Canon},
	title = {Contain This, Unleashing Docker for HPC},
	year = {April 23, 2015},
	booktitle = {Cray User Group 2015},
	
}

@book{kubernetes,
	title = {Kubernetes - Scheduling the Future at Cloud Scale},
	author  = {David K. Rensin},
	year  = 2015,
	URL = {http://www.oreilly.com/webops-perf/free/kubernetes.csp},
	booktitle = {OSCON 2015},
	pages = {All},
	address = {1005 Gravenstein Highway North Sebastopol, CA 95472}
}
@inproceedings{union-mount,
	author = {Pendry, Jan-Simon and McKusick, Marshall Kirk},
	title = {Union Mounts in 4.4BSD-lite},
	booktitle = {Proceedings of the USENIX 1995 Technical Conference Proceedings},
	series = {TCON'95},
	year = {1995},
	location = {New Orleans, Louisiana},
	pages = {3--3},
	numpages = {1},
	url = {http://dl.acm.org/citation.cfm?id=1267411.1267414},
	acmid = {1267414},
	publisher = {USENIX Association},
	address = {Berkeley, CA, USA},
} 
@INPROCEEDINGS{slurm,
	author = {Morris A. Jette and Andy B. Yoo and Mark Grondona},
	title = {SLURM: Simple Linux Utility for Resource Management},
	booktitle = {In Lecture Notes in Computer Science: Proceedings of Job Scheduling Strategies for Parallel Processing (JSSPP) 2003},
	year = {2002},
	pages = {44--60},
	publisher = {Springer-Verlag}
}
@misc{sshfs,
	title = {A network filesystem client to connect to SSH servers},
	howpublished = {\url{https://github.com/libfuse/sshfs}},
	note = {Accessed: 2017-01-21}
}

%%%%%%%%%%%%%Docker ends%%%%%%%%%%%%%%%%%%%%%%%

%%%%%%%%%%%%%%Scheduling%%%%%%%%%%%%%%%%%%%%%%%

@inproceedings{mtc,
	author = {Raicu, I. and Foster, I. T. and Zhao, Yong},
	booktitle = {Many-Task Computing on Grids and Supercomputers, 2008. MTAGS 2008. Workshop on},
	institution = {Dept. of Comput. Sci., Univ. of Chicago, Chicago, IL},
	month = nov,
	pages = {1--11},
	publisher = {IEEE},
	title = {{Many-task computing for grids and supercomputers}},
	year = {2008}
}

@incollection{condor-grid,
	author = "Douglas Thain and Todd Tannenbaum and Miron Livny",
	title = "{C}ondor and the Grid",
	editor = "Fran Berman and Geoffrey Fox and Anthony Hey",
	booktitle = "Grid Computing: Making the Global Infrastructure a Reality",
	publisher = "John Wiley \& Sons Inc.",
	month = "April",
	year = "2003"
}
@INPROCEEDINGS{slick1,
	AUTHOR       = {Abdulrahman Azab and Hein Meling},
	TITLE        = {Slick: A Coordinated Job Allocation Technique for Inter-Grid 
	Architectures},
	BOOKTITLE    = {7th European Modelling Symposium (EMS)},
	YEAR         = {2013},
	MONTH        = {Nov.}
}
@inproceedings{slick2,
	author    = {Abdulrahman Azab and
	Hein Meling and
	Reggie Davidrajuh},
	title     = {A Fuzzy-Logic Based Coordinated Scheduling Technique for Inter-grid
	Architectures},
	booktitle = {Distributed Applications and Interoperable Systems - 14th {IFIP} {WG}
	6.1 International Conference, {DAIS} 2014, Held as Part of the 9th
	International Federated Conference on Distributed Computing Techniques,
	DisCoTec 2014, Berlin, Germany, June 3-5, 2014, Proceedings},
	pages     = {171--185},
	year      = {2014}
}
@Inbook{slick-binary,
	author="Azab, Abdulrahman",
	title="Binary Matchmaking for Inter-Grid Job Scheduling",
	bookTitle="Modern Trends and Techniques in Computer Science: 3rd Computer Science On-line Conference 2014 (CSOC 2014)",
	year="2014",
	publisher="Springer International Publishing",
	pages="433--443"
}


@inproceedings{cloudcom2009,
 author = {Azab, Abdulrahman and Meling, Hein},
 title = {Decentralized Service Allocation in a Broker Overlay Based Grid},
 booktitle = {Proceedings of the 1st International Conference on Cloud Computing},
 series = {CloudCom '09},
 year = {2009},
 pages = {200--211},
 publisher = {Springer-Verlag},
 address = {Berlin, Heidelberg}
} 
@inproceedings{SZTAKI,
 author = {Kacsuk, P{\'e}ter and Podhorszki, Norbert and Kiss, Tam\'{a}s},
 title = {Scalable desktop grid system},
 booktitle = {Proceedings of the 7th international conference on High performance computing for computational science},
 series = {VECPAR'06},
 year = {2007},
 pages = {27--38},
 publisher = {Springer-Verlag},
 address = {Berlin, Heidelberg},
} 


@INPROCEEDINGS{peersim,
	AUTHOR       = {Alberto Montresor and M\'{a}rk Jelasity},
	TITLE        = {{PeerSim}: A Scalable {P2P} Simulator},
	BOOKTITLE    = {Proc. of the 9th Int. Conference on Peer-to-Peer (P2P'09)},
	YEAR         = {2009},
	PAGES        = {99-100},
	ADDRESS      = {Seattle, WA},
	MONTH        = {Sep}
}

@ARTICLE{data-grid,
	AUTHOR       = "Allcock B. and Chervenak A. and Foster I. and Kesselman C. and Livny M",
	TITLE        = "Data Grid tools: enabling science on big distributed data",
	JOURNAL      = "Journal of Physics: Conference Series",
	YEAR         = "2004",
	VOLUME       = "1",
	NUMBER       = "16",
	PAGES        = "571--5"
}

@TECHREPORT{hpc-grid,
	AUTHOR       = "Virginia W. Ross and Scott E. Spetka",
	TITLE        = "GRID COMPUTING FOR HIGH PERFORMANCE 
COMPUTING (HPC) DATA CENTERS",
	INSTITUTION  = "AIR FORCE RESEARCH LABORATORY 
INFORMATION DIRECTORATE",
	YEAR         = "2007",
	TYPE         = "In-House Final Technical Report",
	NUMBER       = "AFRL-IF-RS-TR-2007-91 ",
	ADDRESS      = "ROME RESEARCH SITE 
ROME, NEW YORK",
	MONTH        = "March"
}

@TECHREPORT{grid-p2p,
    author = {Rajiv Ranjan and Aaron Harwood and Rajkumar Buyya},
    title = {A study on peer-to-peer based discovery of grid resource information},
    institution = {University of Melbourne},
    year = {2006}
}
%%%%%%%%%%%%%%%%%%%%%%%%%%%%%%%%%%p2p systems%%%%%%%%%%%%%%%%%%%%%%%%%%%%%%%%%%
@ARTICLE{pastry,
    author = {Antony Rowstron and Peter Druschel},
    title = { Pastry: Scalable, decentralized object location, and routing for large-scale peer-to-peer systems},
    journal = {IN: MIDDLEWARE},
    year = {2001},
    pages = {329--350}
}
@ARTICLE{chord,
    author = {Ion Stoica and Robert Morris and David Liben-nowell and David R. Karger and M. Frans Kaashoek and Frank Dabek and Hari Balakrishnan},
    title = {Chord: a scalable peer-to-peer lookup protocol for internet applications},
    journal = {IEEE/ACM Transactions on Networking},
    year = {2003},
    volume = {11},
    pages = {17--32}
}
@article{CAN,
 author = {Ratnasamy, Sylvia and Francis, Paul and Handley, Mark and Karp, Richard and Shenker, Scott},
 title = {A scalable content-addressable network},
 journal = {SIGCOMM Comput. Commun. Rev.},
 issue_date = {October 2001},
 volume = {31},
 number = {4},
 month = aug,
 year = {2001},
 pages = {161--172},
 publisher = {ACM},
 address = {New York, NY, USA}
}
@ARTICLE{Tapestry,
    author = {Ben Y. Zhao and Ling Huang and Jeremy Stribling and Sean C. Rhea and Anthony D. Joseph and John D. Kubiatowicz},
    title = {Tapestry: A Resilient Global-scale Overlay for Service Deployment},
    journal = {IEEE Journal on Selected Areas in Communications},
    year = {2004},
    volume = {22},
    pages = {41--53}
}
@INPROCEEDINGS{pub-sub,
    author = {Guruduth Banavar and Tushar Ch and Bodhi Mukherjee and Jay Nagarajarao and Robert E. Strom and Daniel C. Sturman},
    title = {An efficient multicast protocol for content-based publish-subscribe systems},
    year = {1999},
    pages = {262--272}
}
@INPROCEEDINGS{SCRIBE,
    author = {Antony Rowstron and Anne-Marie Kermarrec and Miguel Castro and Peter Druschel},
    title = {SCRIBE: The design of a large-scale event notification infrastructure},
    booktitle = {In Networked Group Communication},
    year = {2001},
    pages = {30--43}
}
@INPROCEEDINGS{Bayeux,
    author = {Shelley Q. Zhuang and Ben Y. Zhao and Anthony D. Joseph and Randy H. Katz and John D. Kubiatowicz},
    title = {Bayeux: An architecture for scalable and fault-tolerant wide-area data dissemination},
    booktitle = {},
    year = {2001},
    pages = {11--20}
}
%%%%%%%%%%%%%%%%%%%%%%%%%%%%%%Gossip%%%%%%%%%%%%%%%%%%%%%%%%%%
@inproceedings{gossip,
  author = {Allavena, Andr� and Demers, Alan J. and Hopcroft, John E.},
  booktitle = {PODC},
  crossref = {conf/podc/2005},
  editor = {Aguilera, Marcos Kawazoe and Aspnes, James},
  keywords = {dblp},
  pages = {292-301},
  publisher = {ACM},
  title = {Correctness of a gossip based membership protocol.},
  year = 2005
}
%%%%%%%%%%%%%%%%%%%%%%%%%%%%%%Grid Federation%%%%%%%%%%%%%%%%%%%%%%%%%%%%%%%%%
@inproceedings{Legion-Federation,
 author = {Weissman, Jon B. and Grimshaw, Andrew S.},
 title = {A Federated Model for Scheduling in Wide-Area Systems},
 booktitle = {Proceedings of the 5th IEEE International Symposium on High Performance Distributed Computing},
 series = {HPDC '96},
 year = {1996},
 isbn = {0-8186-7582-9},
 pages = {542--},
 publisher = {IEEE Computer Society},
 address = {Washington, DC, USA}
}
@inproceedings{Trader-Federation,
 author = {Daval-Frerot, Claude and Lacroix, Michel and Guyennet, Herv{\'e}},
 title = {Federation of Resource Traders in Objects-Oriented Distributed Systems},
 booktitle = {Proceedings of the International Conference on Parallel Computing in Electrical Engineering},
 series = {PARELEC '00},
 year = {2000},
 pages = {84--},
 publisher = {IEEE Computer Society},
 address = {Washington, DC, USA},
}
@INPROCEEDINGS{agent-grid,
    author = {D. Ouelhadj and J. Garibaldi and J. Maclaren and R. Sakellariou and K. Krishnakumar},
    title = {A multi-agent infrastructure and a service level agreement negotiation protocol for robust scheduling in grid computing},
    booktitle = {In Advances in Grid Computing - EGC 2005, volume 3470 of Lecture Notes in Computer Science},
    year = {2005},
    pages = {651--660},
    publisher = {Springer Verlag}
}
@article{Tycoon,
 author = {Lai, Kevin and Rasmusson, Lars and Adar, Eytan and Zhang, Li and Huberman, Bernardo A.},
 title = {Tycoon: An implementation of a distributed, market-based resource allocation system},
 journal = {Multiagent Grid Syst.},
 volume = {1},
 number = {3},
 month = aug,
 year = {2005},
 pages = {169--182},
 publisher = {IOS Press},
 address = {Amsterdam, The Netherlands, The Netherlands}
}
@inproceedings{Multi-Request,
 author = {Subramani, Vijay and Kettimuthu, Rajkumar and Srinivasan, Srividya and Sadayappan, P.},
 title = {Distributed Job Scheduling on Computational Grids Using Multiple Simultaneous Requests},
 booktitle = {Proceedings of the 11th IEEE International Symposium on High Performance Distributed Computing},
 series = {HPDC '02},
 year = {2002},
 pages = {359--},
 publisher = {IEEE Computer Society},
 address = {Washington, DC, USA}
}  
@INPROCEEDINGS{NASA-scheduler,
    author = {Hongzhang Shan and Leonid Oliker and Rupak Biswas},
    title = {Job superscheduler architecture and performance in computational grid environments},
    booktitle = {In: Proc. of the 2003 ACM/IEEE Conference on Supercomputing (SC},
    year = {2003},
    pages = {44--58}
}

@INPROCEEDINGS{inter-grid,
    author = {Marcos Dias De Assun��o and Rajkumar Buyya and Srikumar Venugopal},
    title = {InterGrid: A case for internetworking islands of Grids},
    booktitle = {Concurrency and Computation: Practice and Experience (CCPE)},
	year = {2007},
    pages = {997--1024}
}

@PHDTHESIS{inter-grid-thesis-2007,
	AUTHOR       = "Rajiv Ranjan",
	TITLE        = "Coordinated Resource Provisioning in Federated Grids",
	SCHOOL       = "The University of Melbourne",
	YEAR         = "2007",
	ADDRESS      = "Australia",
	MONTH        = "July"
}
@PHDTHESIS{inter-grid-thesis-2009,
	AUTHOR       = "Assuncao, M.D.D.",
	TITLE        = "Provisioning Techniques and Policies for Resource Sharing between Grids",
	SCHOOL       = "The University of Melbourne",
	YEAR         = "2009",
	ADDRESS      = "Australia"
}
@PHDTHESIS{inter-grid-thesis-2012,
	AUTHOR       = "Mohsen Amini Salehi",
	TITLE        = "Contention-aware Resource Provisioning in Interconnected Grid Computing Systems",
	SCHOOL       = "The University of Melbourne",
	YEAR         = "2012",
	ADDRESS      = "Australia",
	MONTH        = "August"
}
@article{condor-flocking-p2p,
title = "A self-organizing flock of Condors",
journal = "Journal of Parallel and Distributed Computing",
volume = "66",
number = "1",
pages = "145 - 161",
year = "2006",
note = "",
author = "Ali R. Butt and Rongmei Zhang and Y. Charlie Hu"
}   
%%%%%%%%%%%%%%%%%%%%%%%%%%%%%%cloud Computing%%%%%%%%%%%%%%%%%%%%%%%%%%%%%%%%%
@inproceedings{cloud-computing,
    author = {Foster, I. and Zhao, Yong and Raicu, I. and Lu, S.},
    institution = {Dept. of Comput. Sci., Univ. of Chicago, Chicago, IL, USA},
    journal = {Grid Computing Environments Workshop, 2008. GCE '08},
    month = {nov},
    pages = {1--10},
    publisher = {IEEE},
    title = {{Cloud Computing and Grid Computing 360-Degree Compared}},
    year = {2008}
}
@TECHREPORT{cloud-computing-2,
	AUTHOR       = "Armbrust, M. and et al",
	TITLE        = "Above the clouds: A Berkeley view of cloud computing",
	INSTITUTION  = "EECS Department, U.C. Berkeley",
	YEAR         = "2009",
	TYPE         = "Tech. Rep",
	NUMBER       = "UCB/EECS-2009-28",
	MONTH        = "Feb"
}
%%%%%%%%%%%%%%%%%%%%%%%%%%%%%%%%%%%%%%%%%%%%%%%%%%%%%%%%%%%%%%%%%%%%%%%%%%%%%%
@techreport{flocking,
    address = {Delft, The Netherlands},
    author = {Evers, X. and de Jongh, J. F. C. M. and Boontje, R. and Epema, D. H. J. and van Dantzig, R.},
    journal = {DUT-TWI-93-104},
    organization = {Department of Technical Mathematics and Informatics, Delft University of Technology},
    title = {{Condor flocking: load sharing between pools of workstations}},
    year = {1993}
}
@article{condor-flock,
	title = "A worldwide flock of {C}ondors: Load sharing among workstation clusters",
	author = "D.H.J. Epema and M. Livny and R. van Dantzig and X. Evers and J. Pruyne",
	journal = "Future Generation Computer Systems",
	volume = "12",
	year = "1996",
	pages = "53--65"
}
@MANUAL{flocking-current,
	TITLE        = "HTCondor� Version 7.9.3 Manual",
	AUTHOR       = "Center for High Throughput Computing",
	ORGANIZATION = "University of Wisconsin�Madison",
	MONTH        = "Jan 16",
	YEAR         = "2013",
	PAGES			 = "543--545"
}
@MANUAL{condor-manual,
	TITLE        = "HTCondor� Version 7.9.3 Manual",
	AUTHOR       = "Center for High Throughput Computing",
	ORGANIZATION = "University of Wisconsin�Madison",
	MONTH        = "Jan 16",
	YEAR         = "2013"
}
@MISC{super-scheduling,
	AUTHOR       = "Schopf, J.",
	TITLE        = "Ten actions when superscheduling",
	HOWPUBLISHED = "In Global Grid Forum.",
	YEAR         = "2001"
}
@INPROCEEDINGS{Nimrod-G,
    author = {Rajkumar Buyya and David Abramson and Jonathan Giddy},
    title = {Nimrod/G: An architecture for a resource management and scheduling system in a global computational Grid},
    booktitle = {InProcee. HPC ASIA 2000},
    year = {2000},
    pages = {283--289}
}
@ARTICLE{gridbus,
    author = {Srikumar Venugopal and Rajkumar Buyya and Lyle Winton},
    title = {A Grid Service Broker for Scheduling e-Science Applications on Global Data Grids},
    journal = {Concurrency and Computation: Practice and Experience},
    year = {2006},
    volume = {18},
    pages = {685--699}
}
@article{condor-g,
 author = {Frey, James and Tannenbaum, Todd and Livny, Miron and Foster, Ian and Tuecke, Steven},
 title = {Condor-G: A Computation Management Agent for Multi-Institutional Grids},
 journal = {Cluster Computing},
 volume = {5},
 number = {3},
 month = jul,
 year = {2002},
 pages = {237--246},
 publisher = {Kluwer Academic Publishers},
 address = {Hingham, MA, USA}
 } 
@article{gridway,
 author = {Huedo, Eduardo and Montero, Ruben S. and Llorente, Ignacio M.},
 title = {A framework for adaptive execution in grids},
 journal = {Softw. Pract. Exper.},
 volume = {34},
 number = {7},
 month = jun,
 year = {2004},
 pages = {631--651},
 publisher = {John Wiley \& Sons, Inc.},
 address = {New York, NY, USA}
} 

@MASTERSTHESIS{globus-performance,
	AUTHOR       = "Ioan Raicu",
	TITLE        = "A Performance Study of the. Globus Toolkit� and. Grid Services via. DiPerF, an automated DIstributed. PERformance testing Framework",
	SCHOOL       = "University of Chicago",
	YEAR         = "2005",
	ADDRESS      = "Distributed Systems Laboratory
Computer Science Department",
	MONTH        = "May"
}
@inproceedings {gLite-NorduGrid-performance,
	title = {A comparison between ARC and gLite for medical image processing on Grids},
	booktitle = {2nd workshop on Medical imaging on GRID, HPC and GPU infrastructures: achievements and perspectives (MICCAI-Grid)},
	year = {2009},
	month = {sep},
	address = {London, UK},
	author = {Glatard, T. and Zhou, Xin and Camarasu-Pop, S. and Smirnova, Oxana and Muller, Henning}
}


@BOOK{distributed-systems,
	AUTHOR       = {Philip Harrison Enslow},
	TITLE        = {What is a "distributed" data processing system?},
	PUBLISHER    = {Atlanta : School of Information and Computer Science, Georgia Institute of Technology},
	YEAR         = {1978},
	SERIES       = {GIT-ICS, 78/01},
	MONTH        = {July}
}
@inbook {grid-classification,
title = {Utility Computing on Global Grids},
author = {Yeo, Chee Shin and Buyya, Rajkumar and de Assun��o, Marcos Dias and Yu, Jia and Sulistio, Anthony and Venugopal, Srikumar and Placek, Martin},
publisher = {John Wiley and Sons, Inc.},
pages = {110--130},
booktitle = {Handbook of Computer Networks},
year = {2007}
}

@BOOK{grid-computing,
	AUTHOR       = "Joshy Joseph and Craig Fellenstein",
	TITLE        = "Grid Computing",
	PUBLISHER    = "Prentice Hall Professional",
	YEAR         = "2004",
	VOLUME       = "1"
}

@TECHREPORT{tech-watch,
	AUTHOR       = "Magchiel Bijsterbosch and Mikael Karstens Elbaek and Patrick Hochstenbach and Jens Ludwig and Gert Schmeltz Pedersen and Rosemary Russell and Birgit Schmidt and Barbara Sierman and Maurice Vanderfeesten and Karen Van Godtsenhoven",
	TITLE        = "Technology Watch report",
	INSTITUTION  = "DRIVER, Digital Repository Infrastructure Vision for European Research II",
	YEAR         = "2008",
	TYPE         = "Report",
	NUMBER       = "1",
	MONTH        = "December"
}

@article{grid-taxonomy,
 title = {A taxonomy and survey of grid resource management systems for distributed computing},
 author = {Klaus Krauter and Rajkumar Buyya and Muthucumaru Maheswaran},
 journal = {Softw. Pract. Exper.},
 volume = {32},
 month = {February},
 year = {2002},
 issn = {0038-0644},
 pages = {135--164},
 publisher = {John Wiley \& Sons, Inc.},
 address = {New York, NY, USA}
 } 

@inproceedings{Amdahls-law,
 author = {Amdahl, Gene M.},
 title = {Validity of the single processor approach to achieving large scale computing capabilities},
 booktitle = {Proceedings of the April 18-20, 1967, spring joint computer conference},
 series = {AFIPS '67 (Spring)},
 year = {1967},
 location = {Atlantic City, New Jersey},
 pages = {483--485},
 numpages = {3},
 url = {http://doi.acm.org/10.1145/1465482.1465560},
 doi = {http://doi.acm.org/10.1145/1465482.1465560},
 acmid = {1465560},
 publisher = {ACM},
 address = {New York, NY, USA},
} 

@book{parallel-programming,
 author = {Wilkinson, Barry and Allen, Michael},
 title = {Parallel programming: techniques and applications using networked workstations and parallel computers},
 year = {1999},
 isbn = {0-13-671710-1},
 publisher = {Prentice-Hall, Inc.},
 address = {Upper Saddle River, NJ, USA},
} 

@MISC{hp-parametric-modeling,
    author = {David Abramson and Jon Giddy and Lew Kotler},
    title = {High Performance Parametric Modeling with Nimrod/G: Killer Application for the Global Grid?},
    year = {2000}
}
@TECHREPORT{hpc,
	AUTHOR       = "Collette, M. and Corey, B. and Johnson, J.",
	TITLE        = "High Performance Tools $\&$ Technologies",
	INSTITUTION  = "Lawrence Livermore National Laboratory, US. Dept. of Energy",
	YEAR         = "2004",
	NUMBER       = "UCRL-TR-209289"
}

@misc{HTC-interview,
key = "HTC-interview",
 title = "{HIGH THROUGHPUT COMPUTING: AN INTERVIEW WITH MIRON LIVNY, by Alan Beck, HPCwire, June 27, 1997} -- http://www.cs.wisc.edu/condor/gahp/"
}

@article{GridR,
 author = {Wegener, Dennis and Sengstag, Thierry and Sfakianakis, Stelios and R\"{u}ping, Stefan and Assi, Anthony},
 title = {GridR: An R-based tool for scientific data analysis in grid environments},
 journal = {Future Gener. Comput. Syst.},
 volume = {25},
 issue = {4},
 month = {April},
 year = {2009},
 issn = {0167-739X},
 pages = {481--488},
 numpages = {8},
 url = {http://dx.doi.org/10.1016/j.future.2008.09.004},
 doi = {http://dx.doi.org/10.1016/j.future.2008.09.004},
 acmid = {1486380},
 publisher = {Elsevier Science Publishers B. V.},
 address = {Amsterdam, The Netherlands, The Netherlands},
 keywords = {ACGT, Genomics data mining, Globus toolkit, Grid, R statistical computing},
}
@Manual{jsdl,
  title  = {Job Submission Description Language (JSDL) Specification},
  author = {Ali Anjomshoaa and Fred Brisard and Michel Drescher and Donal Fellows and An Ly and Stephen McGough and Darren Pulsipher and Andreas Savva},
  year   = {2005},
  note   = {JSDL version~1.0},
  url    = {http://forge.gridforum.org/projects/jsdl-wg},
}
@Manual{rJava,
  title  = {{rJava}: Low-Level {R} to {Java} Interface},
  author = {Simon Urbanek},
  year   = {2009},
  note   = {{R}~package version~0.8-1},
  url    = {http://CRAN.R-project.org/package=rJava},
}
@Manual{R,
       title        = {R: A Language and Environment for Statistical
                       Computing},
       author       = {{R Development Core Team}},
       organization = {R Foundation for Statistical Computing},
       address      = {Vienna, Austria},
       year         = 2011,
       note         = {{ISBN} 3-900051-07-0}
     }

@INPROCEEDINGS{condorbirdbath,
    author = {Clovis Chapman and Charaka Goonatilake and Wolfgang Emmerich and Matthew Farrellee and Todd Tannenbaum and Miron Livny and Mark Calleja and Martin Dove},
    title = {Condor Birdbath: Web Service interfaces to condor},
    booktitle = {in Proc. UK e-Science All Hands Meeting},
    year = {2005},
    publisher = {Nottingham UK}
}
@misc{gahp,
key = "gahp",
 title = "{Grid ASCII Helper Protocol} -- http://www.cs.wisc.edu/condor/gahp/"
}

@INPROCEEDINGS{hila,
   author = {Bjorn Hagemeier and Roger Menday and Bernd Schuller and
Achim Streit},
   title = {"A Universal API for Grids"},
   booktitle = {Cracow Grid Workshop '06 Proceedings},
   year = {2007},
   editor = {Marian Bubak and Micha\l{} Tura\l{}a and Kazimierz Wiatr},
   pages = {312--319},
   address = {ul. Nawojki 11, 30-950 Krak?w 61, P.O. Box 386, Poland},
   month = {July},
   publisher = {Academic Computer Centre CYFRONET AGH},
   ean = {9788391514177},
   isbn = {83-915141-7-X},
   owner = {bjoernh},
   timestamp = {2007.09.10}
}
@MISC{drmaa,
    author = {J. Herrera and E. Huedo and R. S. Montero and I. M. Llorente},
    title = {Developing Grid-Aware Applications with DRMAA on Globus-based Grids},
    year = {2004}
}
@INPROCEEDINGS{saga,
    author = {Tom Goodale and Shantenu Jha and Hartmut Kaiser and Thilo Kielmann and Pascal Kleijer and Gregor Von Laszewski and Craig Lee and Andre Merzky and Hrabri Rajic and John Shalf},
    title = {SAGA: A Simple API for Grid Applications. High-level application programming on the Grid},
    booktitle = {Computational Methods in Science and Technology},
    year = {2006}
}
@inproceedings{Genesis-II,
 author = {Morgan, Mark M. and Grimshaw, Andrew S.},
 title = {Genesis II - Standards Based Grid Computing},
 booktitle = {Proceedings of the Seventh IEEE International Symposium on Cluster Computing and the Grid},
 series = {CCGRID '07},
 year = {2007},
 pages = {611--618},
 publisher = {IEEE Computer Society},
 address = {Washington, DC, USA},
} 
@article{grid-portals,
author = {Xiao Dong Wang and Xiaobo Yang and Rob Allan},
title = {Top Ten Questions To Design A Successful Grid Portal},
journal ={Semantics, Knowledge and Grid, International Conference on},
volume = {0},
isbn = {0-7695-2673-X},
year = {2006},
pages = {18},
doi = {http://doi.ieeecomputersociety.org/10.1109/SKG.2006.105},
publisher = {IEEE Computer Society},
address = {Los Alamitos, CA, USA},
}
@misc{GridSAM,
key = "GridSAM",
 title = "{GridSAM-Grid Job Submission and Monitoring Web Service} -- [Online] Available:  http://gridsam.sourceforge.net/2.0.1index.html",
year = {2009}
}
@misc{condor-matlab,
 key = "condor-matlab",
 title = "{Running concurrent MATLAB jobs under Condor} -- [Online] Available: http://www.liv.ac.uk/csd/escience/condor/matlab/jobs",
year = {2010}
}
@misc{condor-submit,
 key = "condor-submit",
 title = "{Condor sumbit description file} -- http://www.cs.wisc.edu/condor/manual/v6.6/condor\_submit.html"
}
@misc{condor-wait,
 key = "condor-wait",
 title = "{condor\_wait} -- http://www.cs.wisc.edu/condor/manual/v7.2/condor\_wait.html"
}

@misc{condorJAPI,
 key = "condorJAPI",
 title = "{Condor Java API} -- [Online] Available: http://staff.aist.go.jp/hide-nakada/$condor_java_api$/",
 year = {2008}
}
@article{plan9,
 author = {Rob Pike and Dave Presotto and Ken Thompson and Howard Trickey and Phil Winterbottom},
 title = {The use of name spaces in {P}lan 9},
 journal = {SIGOPS Oper. Syst. Rev.},
 volume = {27},
 number = {2},
 year = {1993},
 issn = {0163-5980},
 pages = {72--76},
 doi = {http://doi.acm.org/10.1145/155848.155861},
 publisher = {ACM},
 address = {New York, NY, USA},
}
%%%%%%%%%%%%%%%%%%%%%%%%peering%%%%%%%%%%%%%%%%%%%%%%%%%%%%%%%%%%%%%
@ARTICLE{internet-peering,
    author = {Pio Baake and Thorsten Wichmann},
    title = {On the Economics of Internet Peering},
    journal = {Netnomics},
    year = {1999},
    volume = {1},
    pages = {89--105}
}
@article{private-peering,
title = "Private Peering, Transit and Traffic Diversion",
author = "Subhadip Chakrabarti and N. Badasyan",
year = "2005",
volume = "7(2)",
pages = "115--124",
journal = "Netnomics"
}
@article{peering-settlment-I,
    author = {G. Huston},
	 title = {{Interconnection, Peering and Settlements�Part I}},
	 journal = {The Internet Protocol Journal},
    volume = {2},
    number = {1},
	 year = {1999},
    month = {March}
}
%%%%%%%%%%%%%%%%%%%%%%%%Batch Systems%%%%%%%%%%%%%%%%%%%%%%%%%%%%%%%%%%%%%
@inproceedings{PBS,
 author = {Bode, Brett and Halstead, David M. and Kendall, Ricky and Lei, Zhou and Jackson, David},
 title = {The portable batch scheduler and the maui scheduler on linux clusters},
 booktitle = {Proceedings of the 4th annual Linux Showcase \& Conference - Volume 4},
 series = {ALS'00},
 year = {2000},
 pages = {27--27},
 publisher = {USENIX Association},
 address = {Berkeley, CA, USA},
}
@incollection{Legion,
    author = {Chapin, Steve J. and Katramatos, Dimitrios and Karpovich, John and Grimshaw, Andrew S.},
    booktitle = {Job Scheduling Strategies for Parallel Processing},
    editor = {Feitelson, Dror G. and Rudolph, Larry},
    pages = {162--178},
    publisher = {Springer Verlag},
    title = {{The Legion Resource Management System}},
    year = {1999}
}
@inproceedings{LSF,
    address = {Tallahassee, FL},
    author = {Zhou, S.},
    booktitle = {Workshop on Cluster Computing},
    month = dec,
    title = {{LSF: Load sharing in large-scale heterogeneous distributed systems}},
    year = {1992}
}
%%%%%%%%%%%%%%%%%%%%%%%%Volunteer Computing%%%%%%%%%%%%%%%%%%%%%%%%%%%%%%%%%%%%%
@CONFERENCE{charlotte,
	AUTHOR       = "A. Karaul and M. Kedem and Z. Wyckoff",
	TITLE        = "Charlotte: Metacomputing on the Web",
	BOOKTITLE    = "Proceedings of the 9th International Conference on Parallel and Distributed Computing Systems",
	YEAR         = "1996",
	MONTH        = "Sept.",
}

@CONFERENCE{bayanihan,
	AUTHOR       = "Sarmenta, L.F.G",
	TITLE        = "Bayanihan: Web-Based Volunteer Computing Using Java",
	BOOKTITLE    = "Proc. of the 2nd International Conference on World-Wide Computing and its Applications (WWCA'98)",
	YEAR         = "1998",
	ADDRESS      = "Tsukuba - Japan",
	MONTH        = "March"
}

@CONFERENCE{boinc,
	AUTHOR       = "David P. Anderson",
	TITLE        = "Public Computing: Reconnecting People to Science",
	BOOKTITLE    = "Conference on Shared Knowledge and the Web",
	YEAR         = "2003",
	ADDRESS      = "Residencia de Estudiantes, Madrid, Spain",
	MONTH        = "17-19 Nov.",
}

@BOOK{seti,
	AUTHOR       = "McConnell and Brian and Chuck Toporek",
	TITLE        = "Beyond Contact: A Guide to SETI and Communicating with Alien Civilizations",
	PUBLISHER    = "O'Reilly",
	YEAR         = "2001",
	NOTE         = "ISBN 0-596-00037-5"
}
%%%%%%%%%%%%%%%%%%%%%%%%%%%%%%%%%%%%%%%%%%%%%%%%%%%%%%%%%%%%%%%%%%%%%%%%5
@BOOK{helvik,
	AUTHOR       = "Arthur H. Watson and Thomas J. McCabe",
	TITLE        = "Structured Testing: A Testing Methodology Using the Cyclomatic Complexity Metric",
	PUBLISHER    = "National Institute of Standards and Technology",
	YEAR         = "1996",
	ADDRESS      = "Gaithersburg, MD 20899-0001",
	MONTH        = "Sep."
}

@book{Halstead,
 author = {Halstead, Maurice H.},
 title = {Elements of Software Science (Operating and programming systems series)},
 year = {1977},
 publisher = {Elsevier Science Inc.},
 address = {New York, NY, USA},
} 

@INPROCEEDINGS{cyclomatic-complexity,
	AUTHOR       = "Thomas J.McCabe",
	TITLE        = "A complexity Measure",
	BOOKTITLE    = "IEEE Transactions on Software Engineering",
	YEAR         = "1976",
	PAGES        = "308-320"
}


@CONFERENCE{lab-pc-usage,
	AUTHOR       = "Domingues and P. and Marques and P. and Silva",
	TITLE        = "Resource usage of Windows computer laboratories",
	BOOKTITLE    = "Parallel Processing, 2005. ICPP 2005 Workshops.",
	YEAR         = "2005",
	ADDRESS      = "Residencia de Estudiantes, Madrid, Spain",
	MONTH        = "June",
	PAGES        = "469 - 476"
}

@inproceedings{UEM,
 author = {Eric van Hensbergen and Noah P. Evans and Phillip Stanley-Marbell},
 title = {A Unified Execution Model for Cloud Computing},
 booktitle = {Large Scale Distributed Systems and Middleware, (LADIS 2009)},
 year = {2009},
 month = {October},
 publisher = {ACM}
 }

%11
@inproceedings{globus-xio,
 author = {William Allcock and John Bresnahan and Rajkumar Kettimuthu and Joseph Link},
 title = {The Globus eXtensible Input/Output System (XIO): A Protocol Independent IO System for the Grid},
 booktitle = {IPDPS '05: Proceedings of the 19th IEEE International Parallel and Distributed Processing Symposium (IPDPS'05) - Workshop 4},
 year = {2005},
 isbn = {0-7695-2312-9},
 pages = {179.1},
 doi = {http://dx.doi.org/10.1109/IPDPS.2005.429},
 publisher = {IEEE Computer Society},
 address = {Washington, DC, USA},
 }
%9
@MISC{bad-fs,
           title = "Explicit Control in a Batch-Aware Distributed File System",
          author = "John Bent and Douglas Thain and Andrea C. Arpaci-Dusseau and Remzi H. Arpaci-Dusseau and Miron Livny",
       booktitle = "Proceedings of the First USENIX Symposium on Networked Systems Design and Implementation (NSDI '04)",
           month = "March",
            year = "2004",
         address = "San Francisco, CA",
}
%10
@misc{gridftp,
 key = "gridftp",
 title = "{GridFTP} -- http://globus.org/toolkit/data/gridftp/"
}
@misc{R-optim,
 key = "R-optim",
 title = "{R-forge optimizer} -- http://optimizer.r-forge.r-project.org/"
}

@inproceedings{globus-MDS,
 author = {Zhang, Xuehai and Freschl, Jeffrey L. and Schopf, Jennifer M.},
 title = {A Performance Study of Monitoring and Information Services for Distributed Systems},
 booktitle = {Proceedings of the 12th IEEE International Symposium on High Performance Distributed Computing},
 series = {HPDC '03},
 year = {2003},
 pages = {270--},
 publisher = {IEEE Computer Society},
 address = {Washington, DC, USA},
}
@MISC{GRAM,
    author = {Martin Feller and Ian Foster and Stuart Martin},
    title = {GT4 GRAM: A functionality and performance study},
    year = {2007}
} 
%2
@inproceedings{ultra-gridsec,
 author = {Kholidy H.A and Azab A.A and Deif S.H},
 title = {Enhanced "ULTRA GRIDSEC": Enhancing High Performance Symmetric Key Cryptography Schema Using Pure Peer To Peer Computational Grid Middleware (HIMAN)},
 booktitle = {ICPCA 2008},
 year = {2008},
 pages = {26 - 31},
 address = {Alexandria, Egypt},
 }
%3
@inproceedings{HIMAN-struct,
 author = {El-Desoky A.E and Ali H.A and Azab A.A},
 title = {A Pure Peer-To-Peer Desktop Grid framework with efficient fault tolerance},
 booktitle = {ICCES'07},
 year = {2007},
 pages = {346 - 352},
 address = {Cairo, Egypt},
 }
%4
@inproceedings{HIMAN-sched,
 author = {Azab A.A and Kholidy H.A},
 title = {An adaptive decentralized scheduling mechanism for peer-to-peer Desktop Grids},
 booktitle = {ICCES'08},
 year = {2008},
 pages = {364 - 371},
 address = {Cairo, Egypt},
 }
%5
@inproceedings{HIMAN-ckpt,
 author = {El-Desoky A.E and Ali H.A and Azab A.A},
 title = {Improving Fault Tolerance in Desktop Grids Based On Incremental Checkpointing},
 booktitle = {ICCES'06},
 year = {2006},
 pages = {386 - 392},
 address = {Cairo, Egypt},
 }
%6
@inproceedings{eunice2010,
  author    = {Abdulrahman Azab and
               Hein Meling},
  title     = {A Virtual File System Interface for Computational Grids},
  booktitle = {EUNICE},
  year      = {2010},
  pages     = {87-96},
  ee        = {http://dx.doi.org/10.1007/978-3-642-13971-0_9},
 }
@misc{dokan,
 key = "dokan",
 title = "{Dokan file system} -- http://dokan-dev.net/en/"
}
%7
@misc{fuse,
 key="Fuse",
 title = "{Filesystem in Userspace} -- http://fuse.sourceforge.net/"
}

@misc{procfs,
  author = "Bell Labs",
  title = "proc page from Section 4 of the unix 8th manual",
  year =  "1984",
  note = "http://man.cat-v.org/unix\_8th/4/proc"
  }
%8
@misc{macfuse,
 key = "macfuse",
 title = "{MacFUSE} -- http://code.google.com/p/macfuse/"
}
%8
@misc{.Net2,
 title = "{.Net Framework 2.0 Solution Center}",
 note="http://support.microsoft.com/ph/8291",
 month ="Februery",
 year = "2010"
}

%12
@MISC{Vo_1the,
    author = {Kiem-phong Vo},
    title = {1 The Discipline and Method Architecture for Reusable Libraries},
    year = {2000},
	pages={107-128},
	volume={30},
	journal={Software - Practice & Experience}
}
@misc{Stdio,
key = "Stdio",
title = "{stdio.h} -- http://en.wikipedia.org/wiki/Stdio.h"
}
%13
@misc{SFIO,
author = {Glenn S. Fowler and David G. Korn and Kiem-Phong Vo}, 
title = "{SFIO: A Safe/Fast I/O Library}", note="http://www.research.att.com/~gsf/download/ref/sfio/sfio.html"
}
%14
@inproceedings{HIA,
 author = {Chris Gottbrath},
 title = {Memory Debugging In Parallel and Distributed Applications},
 booktitle = {2nd Parallel Tools Workshop HLRS},
 year = {2008},
 address = {Stuttgart, Germany},
 }
%15
@misc{MemoryScape,
 key = "MemoryScape",
 title = "{MemoryScape} -- http://www.totalviewtech.com/products/memoryscape.html"
}
%16
@misc{malloc,
 key = "malloc",
 title = "{malloc: Allocate Memory Block} -- http://www.cplusplus.com/reference/clibrary/cstdlib/malloc/"
}
%17
@article{transp-grid-access,
 author = {Sander Klous and Jaime Frey and Se-Chang Son and Douglas Thain and Alain Roy and Miron Livny and Jo van den Brand},
 title = {Transparent access to Grid resources for user software},
 journal = {Concurrency Computat.: Pract. Exper},
 year = {2006},
 volume = {18},
 pages = {787 -- 801},
 }
%18
@article{Parrot,
 author = {Douglas Thain and Miron Livny},
 title = {Parrot: Transparent User-Level Middleware for Data-Intensive Computing},
 journal = {Scalable Computing: Practice and Experience},
 year = {2005},
 volume = {6},
 number = {3},
 pages = {9 -- 18},
 }
%19
@inproceedings{Interpos-agents,
 author = {Michael B. Jones},
 title = {Interposition Agents: Transparently Interposing User Code at the System Interface},
 booktitle = {fourteenth ACM symposium on Operating systems principles},
 year = {1994},
 pages = {80 - 93},
 address = {Asheville, North Carolina, United States},
 }
%20
@article{Multiple-Bypass,
 author = {Douglas Thain and Miron Livny},
 title = {Multiple Bypass: Interposition Agents for Distributed Computing},
 journal = {The Journal of Cluster Computing},
 year = {2001},
 volume = {4},
 number = {3},
 pages = {39 -- 47},
 }
%21
@MISC{ORB,
    author = {Revision July},
    title = {The Common Object Request Broker: Architecture and Specification},
    year = {1995}
}
%22
@MISC{CORBA,
    author = {J. Siegel},
    title = {CORBA Fundamentals and Programming},
    year = {1996},
    publisher = {John Wiley & Sons Publishers},
    }
@ARTICLE{hpc-multimedia,
    author = {Geoff Coulson},
    title = {A Distributed Object Platform Infrastructure for Multimedia Applications},
    journal = {Computer Communications},
    year = {1998},
    volume = {21},
    pages = {802--818}
}
%23
@inproceedings{Eternal,
 author = {P. Narasimhan and L. E. Moser and P. M. Melliar-Smith},
 title = {Exploiting the Internet Inter-ORB Protocol Interface to Provide CORBA with Fault Tolerance},
 booktitle = {Usenix Conference on Object-Oriented Technologies and Systems},
 year = {1997},
 address = {Portland, Oregon},
 }
@inproceedings{UD-metaprocessor,
 author = {Venkat, Jikku},
 title = {Grid Computing in the Enterprise with the UD MetaProcessor},
 booktitle = {Proceedings of the Second International Conference on Peer-to-Peer Computing},
 series = {P2P '02},
 year = {2002},
 pages = {4--},
 publisher = {IEEE Computer Society},
 address = {Washington, DC, USA}
} 
@INPROCEEDINGS{XtremWeb, 
	author={Fedak, G. and Germain, C. and Neri, V. and Cappello, F.}, 
	booktitle={Cluster Computing and the Grid, 2001. Proceedings. First IEEE/ACM International Symposium on},
	title={XtremWeb: a generic global computing system}, 
	year={2001}, 
	pages={582 -587}
}
@INPROCEEDINGS{GHOSTS,
	AUTHOR       = "T. Kooburat and V. Muangsin",
	TITLE        = "Centralized Grid Hosting System for Multiple Virtual Organizations",
	BOOKTITLE    = "Proc. ANSCSE10",
	YEAR         = "2006",
	EDITOR       = "",
	PAGES        = "22--24",
	MONTH        = "March"
}
%24
@inproceedings{GCB,
 author = {Son S and Livny M},
 title = {Recovering internet symmetry in distributed computing},
 booktitle = {CCGrid},
 year = {2003},
 publisher = {IEEE Computer Society},
 address = {Los Alamitos, CA},
 }
%25
@inproceedings{DCache,
 author = {M. Ernst and P. Fuhrmann and M. Gasthuber and T. Mkrtchyan and C. Waldman. dCache},
 title = {A distributed storage data caching system},
 booktitle = {Computing in High Energy Physics},
 year = {2001},
 address = {Beijing, China},
 }
%26
@article{Paradyn,
 author = {B. Miller and M. Callaghan and J. Cargille and J. Hollingsworth and R. B. Irvin and K. Karavanic and K. Kunchithapadam and T. Newhall},
 title = {The Paradyn parallel performance measurement tools},
 journal = {IEEE Computer},
 year = {1995},
 volume = {28},
 number = {11},
 pages = {37 -- 46},
 }
%27
@MISC{SOCKS,
    author = {M. Leech and M. Ganis and Y. Lee and R. Kuris and D. Koblas and L. Jones},
    title = {SOCKS protocol version 5},
    year = {1996},
    publisher ={Internet Engineering Task Force (IETF) Request for Commends (RFC) 1928},
    }
%28
@article{grid-anatomy,
 author = {I. Foster and C. Kesselman and S. Tuecke},
 title = {The Anatomy of the Grid: Enabling Scalable Virtual Organizations},
 journal = {International J. Supercomputer Applications},
 year = {2001},
 volume = {15},
 number = {3},
 }
%29
@inproceedings{HIMAN2,
 author = {Abdulrahman Azab, Hein Meling},
 title = {Decentralized Service Allocation in a Broker Overlay Based Grid},
 booktitle = {CloudCom 2009},
 year = {2009},
 address = {Beijing, China},
 }
%30

@incollection{grid,
        author = "Douglas Thain and Miron Livny",
        title = "Building Reliable Clients and Servers",
        editor = "Ian Foster and Carl Kesselman",
        booktitle = "The Grid: Blueprint for a New Computing Infrastructure",
        publisher = "Morgan Kaufmann",
        year = "2003"
}

@misc{condor,
 key = "condor",
 title = "{Condor project} -- http://www.cs.wisc.edu/condor/"
}
@inproceedings{condor-paper,
	author = "Michael Litzkow and Miron Livny and Matthew Mutka",
	title = "{C}ondor - A Hunter of Idle Workstations",
	booktitle = "Proceedings of the 8th International Conference of Distributed Computing Systems",
	month = "June",
	year = "1988"
}
@article{htc-mechanisms,
	author = "Miron Livny and Jim Basney and Rajesh Raman and Todd Tannenbaum",
	title = "Mechanisms for High Throughput Computing",
	journal = "SPEEDUP Journal",
	volume = "11",
	number = "1",
	month = "June",
	year = "1997"
}
@inproceedings{condor-matchmaking,
	author = "Rajesh Raman and Miron Livny and Marvin Solomon",
	title = "Matchmaking: Distributed Resource Management for High Throughput Computing",
	booktitle = "Proceedings of the Seventh {IEEE} International Symposium on High Performance Distributed Computing ({HPDC7})",
	month = "July",
	date = "28--31",
	year = "1998",
	address = "Chicago, IL"
}
@article{condor-matchmaking2, 
  author    = "Douglas Thain and Todd Tannenbaum and Miron Livny",
  title     = "Distributed computing in practice: the Condor experience.",
  journal   = "Concurrency - Practice and Experience",
  volume    = "17",
  number    = "2-4",
  year      = "2005",
  pages     = "323-356"
}
@incollection{condor-preemptive-scheduling,
 author = {Roy, Alain and Livny, Miron},
 chapter = {Condor and preemptive resume scheduling},
 title = {Grid resource management},
 editor = {Nabrzyski, Jarek and Schopf, Jennifer M. and Weglarz, Jan},
 year = {2004},
 pages = {135--144},
 publisher = {Kluwer Academic Publishers},
 address = {Norwell, MA, USA}
}
@article{condor-scalability-limits,
  author={D Bradley and T St Clair and M Farrellee and Z Guo and M Livny and I Sfiligoi and T Tannenbaum},
  title={An update on the scalability limits of the Condor batch system},
  journal={Journal of Physics: Conference Series},
  volume={331},
  number={6},
  pages={062002},
  year={2011}
} 
%31
@misc{globus,
 key = "globus",
 title = "{The Globus toolkit} -- http://www.globus.org/toolkit/"
}
@misc{soap,
 key = "soap",
 title = "{SOAP Version 1.2 Part 1: Messaging Framework (Second Edition)} -- http://www.w3.org/TR/soap12-part1/$\#$intro",
year="2007",
month="April"
}
@article{gLite-unicore-interconnection,
  author={L Field and M Schulz},
  title={Grid interoperability: the interoperations cookbook},
  journal={Journal of Physics: Conference Series},
  volume={119},
  number={1},
  pages={012001},
  url={http://stacks.iop.org/1742-6596/119/i=1/a=012001},
  year={2008}
}
@inproceedings{stroll,
  author    = {Abdulrahman Azab and
               Hein Meling},
  title     = {Stroll: A Universal Filesystem-Based Interface for Seamless
               Task Deployment in Grid Computing},
  booktitle = {DAIS},
  year      = {2012},
  pages     = {162-176}
}
@inproceedings{stroll2,
	author    = {Abdulrahman Azab and
	Hein Meling},
	title     = {Building Composite Grid Tasks Using {STROLL} File-System},
	booktitle = {2013 International Conference on {IT} Convergence and Security, {ICITCS}
	2013, Macau, China, December 16-18, 2013},
	pages     = {1--4},
	year      = {2013},
	url       = {https://doi.org/10.1109/ICITCS.2013.6717810},
	doi       = {10.1109/ICITCS.2013.6717810},
	timestamp = {Wed, 24 May 2017 01:00:00 +0200},
	biburl    = {https://dblp.org/rec/bib/conf/icitcs/AzabM13},
}
@article {vep,
	author = {McLaren, William and Gil, Laurent and Hunt, Sarah E and Riat, Harpreet Singh and Ritchie, Graham R. S. and Thormann, Anja and Flicek, Paul and Cunningham, Fiona},
	title = {The Ensembl Variant Effect Predictor},
	year = {2016},
	doi = {10.1101/042374},
	publisher = {Cold Spring Harbor Laboratory},
	journal = {bioRxiv}
}
@article{variant-calling-gatk,
	booktitle = {Current Protocols in Bioinformatics},
	journal = {Current protocols in bioinformatics / editoral board, Andreas D. Baxevanis ... [et al.]},
	keywords = {bioinformatics, data\_analysis, method, protocols, variant\_calling},
	month = oct,
	number = {1110},
	posted-at = {2016-10-18 16:04:24},
	priority = {2},
	publisher = {John Wiley \& Sons, Inc.},
	title = {{From FastQ Data to High-Confidence Variant Calls: The Genome Analysis Toolkit Best Practices Pipeline}},
	url = {http://dx.doi.org/10.1002/0471250953.bi1110s43},
	volume = {11},
	year = {2002}
}
@article{bwa,
	author = {Li, Heng and Durbin, Richard},
	title = {Fast and accurate long-read alignment with Burrows?Wheeler transform},
	journal = {Bioinformatics},
	volume = {26},
	number = {5},
	pages = {589-595},
	year = {2010},
	doi = {10.1093/bioinformatics/btp698}
}
@inproceedings{docker-galaxy-stroll,
	author    = {Abdulrahman Azab and
	Diana Domanska},
	title     = {Software Provisioning Inside a Secure Environment as Docker Containers
	Using Stroll File-System},
	booktitle = {{IEEE/ACM} 16th International Symposium on Cluster, Cloud and Grid
	Computing, CCGrid 2016, Cartagena, Colombia, May 16-19, 2016},
	pages     = {674--683},
	year      = {2016},
	url       = {https://doi.org/10.1109/CCGrid.2016.106},
	doi       = {10.1109/CCGrid.2016.106},
	timestamp = {Wed, 24 May 2017 01:00:00 +0200},
	biburl    = {https://dblp.org/rec/bib/conf/ccgrid/AzabD16},
	bibsource = {dblp computer science bibliography, https://dblp.org}
}
@misc{colossus,
	key = "colossus",
	title = "{Colossus: the Computing Cluster for TSD} -- http://www.uio.no/english/services/it/research/hpc/colossus/"
}
@misc{vsphere,
	key = "vSphere",
	title = "{vSphere: The Efficient and Secure Platform for Your Hybrid Cloud} -- https://www.vmware.com/products/vsphere.html"
}
@misc{file-lock,
	key = "file-lock",
	title = "{File transfer utility} -- https://github.com/unioslo/tsdfx"
}
@article{fastq,
author = {Cock, Peter J. A. and Fields, Christopher J. and Goto, Naohisa and Heuer, Michael L. and Rice, Peter M.},
title = {The Sanger FASTQ file format for sequences with quality scores, and the Solexa/Illumina FASTQ variants},
journal = {Nucleic Acids Research},
volume = {38},
number = {6},
pages = {1767-1771},
year = {2010}
}
@rfc{nfs,
 author = {Sun Microsystems},
 title = {NFS: Network File System Protocol Specification},
 year = {1989},
 publisher = {RFC Editor},
 address = {United States},
}
@misc{dragen,
	key = "dragen",
	title = "{Taking secondary genomic analysis into the future} -- https://www.illumina.com/destination/dragen.html"
}

%32
@inbook{alchemi,
    address = {New Jersey, USA},
    author = {Luther, Akshay and Buyya, Rajkumar and Ranjan, Rajiv and Venugopal, Srikumar},
    booktitle = {High Performance Computing: Paradigm and Infrastructure},
    publisher = {Wiley Press},
    title = {{Peer-to-Peer Grid Computing and a .NET-based Alchemi Framework}},
    year = {2005}
}
%33
@misc{EGEE,
 key = "EGEE",
 title = "{EGEE: Enabling Grids for E-Science in Europe} -- http://public.eu-egee.org/"
}
%34
@misc{D4Science,
 key = "D4Science",
 title = "{D4Science: Distributed collaboratories Infrastructure on Grid ENabled Technology 4 Science} -- http://www.d4science.eu/"
}
%35
@inproceedings{Grid3,
 author = {Gardner R},
 title = {Grid3 : An Application Grid Laboratory for Science},
 booktitle = {Computing in High Energy Physics and Nuclear Physics},
 year = {2004},
 pages = {18},
 address = {Interlaken, Switzerland},
 }
%36
@MISC{DEISA,
    author = {Hermann Lederer and Gavin J. Pringle and Denis Girou and Marc-Andre Hermanns and Giovanni Erbacci},
    title = {DEISA: Extreme Computing in an Advanced Supercomputing Environment},
    year = {2007},
    volume = {38},
    number = {1},
    pages = {687 -- 688},
    publisher ={NIC Series},
    }
%37
@misc{NorduGrid,
 key = "NorduGrid",
 title = "{NorduGrid: Nordic Testbed for Wide Area Computing and Data Handling} -- http://www.nordugrid.org/"
}
%23
@inproceedings{Bond-Agent,
  author    = {Ladislau B{\"o}l{\"o}ni and
               Kyungkoo Jun and
               Krzysztof Palacz and
               Radu Sion and
               Dan C. Marinescu},
  title     = {The Bond Agent System and Applications},
  booktitle = {ASA/MA},
  year      = {2000},
  pages     = {99-112}
}
%38
@misc{Callback,
 key = "Callback",
 title = "{Callback File System} -- http://www.eldos.com/cbfs/",
 year = "2011"
}
%39
@misc{ELDOS,
 key = "ELDOS",
 title = "{ELDOS CORP. Solutions For File and Document Storage Development} -- http://www.eldos.com/"
}
@BOOK{HIMAN-thesis,
    author = {Abdulrahman Azab},
    title = {HIMAN: A Pure Peer-to-Peer Computational Grid Framework},
    year = {2010},
    isbn = {978-3-8383-3989-4},
    publisher = {Lambert Academic Publishing}
    }
@misc{gLite,
 key = "gLite",
 title = "{GLite: Light weight middleware for grid computing} -- http://glite.web.cern.ch/glite/"
}
@article{gLite-CREAM,
 author = {Aiftimiei, Cristina and Andreetto, Paolo and Bertocco, Sara and Dalla Fina, Simone and Dorigo, Alvise and Frizziero, Eric and Gianelle, Alessio and Marzolla, Moreno and Mazzucato, Mirco and Sgaravatto, Massimo and Traldi, Sergio and Zangrando, Luigi},
 title = {Design and implementation of the gLite CREAM job management service},
 journal = {Future Gener. Comput. Syst.},
 volume = {26},
 number = {4},
 month = {Apr},
 year = {2010},
 pages = {654--667},
 publisher = {Elsevier Science Publishers B. V.},
 address = {Amsterdam, The Netherlands, The Netherlands}
} 

@misc{unicore,
 key = "UNICORE",
 title = "{UNICORE: Uniform Interface to Computing Resources} -- http://www.unicore.eu"
}

@inproceedings{unicore-paper,
author = {Dietmar W. Erwin and David F. Snelling},
title = {UNICORE: A Grid Computing Environment},
booktitle = {European Conference on Parallel Processing},
year = {2001},
pages = {825--834}
}
@misc{ucc,
 key = "ucc",
 title = "{Unicore UCC} -- http://www.unicore.eu/documentation/ manuals/unicore6/ucc/",
 year = "2010",
 month = "July"
}
@inproceedings{unicore-servorch,
  author    = {Bernd Schuller et al.},
  title     = {Chemomentum - UNICORE 6 Based Infrastructure for Complex
               Applications in Science and Technology},
  booktitle = {Euro-Par Workshops},
  year      = {2007},
  pages     = {82-93}
 }

@inproceedings{unicore-gayeway,
 author = {Menday, Roger},
 title = {The Web Services Architecture and the UNICORE Gateway},
 booktitle = {Proceedings of the Advanced Int'l Conference on Telecommunications and Int'l Conference on Internet and Web Applications and Services},
 series = {AICT-ICIW '06},
 year = {2006},
 isbn = {0-7695-2522-9},
 pages = {134--},
 url = {http://dl.acm.org/citation.cfm?id=1116162.1116301},
 acmid = {1116301},
 publisher = {IEEE Computer Society},
 address = {Washington, DC, USA},
} 

@misc{filesystemwatcher,
 key = "filesystemwatcher",
 title = "{FileSystemWatcher Class} -- http://msdn.microsoft.com/en-us/library/system.io.filesystemwatcher.aspx",
month = "December",
year = "2010"
}
@misc{uFUSE,
 key = "ufuse",
 title = "{Universal File System} -- hhttp://ufuse.ikejisoft.com/",
year = "2011"
}
@MISC{FUSE-NT,
    author = {Evan Driscoll and Jonathan Beavers and Hidetoshi Tokuda},
    title = {Abstract FUSE-NT: Userspace File Systems for Windows NT},
    year = {2008}
}
@MISC{FIFS,
    author = {Danilo Almeida},
    title = {USENIX acknowledges all trademarks herein. FIFS: A Framework for Implementing User-Mode File Systems in Windows NT},
    year = {1999}
}
@misc{.net,
 key = "Microsoft .Net",
 title = "{Microsoft .Net} -- http://www.microsoft.com/net/",
year = "2011"
}
@misc{batch-processing,
 key = "batch processing",
 title = "{Batch processing} -- http://www.hpcx.ac.uk/support/documentation/ UserGuide/HPCxuser/Batch\_Processing.html",
year = "Retrieved 2011",
month = "6"
}
@misc{MSIL,
 key = "MSIL",
 title = "{What is Intermediate Language(IL)/MSIL/CIL in .NET} -- http://www.interviewcity.com/2010/04/what-is-intermediate-languageilmsilcil.html",
year = "Retrieved 2011",
month = "6"
}
@misc{java-serialization,
 key = "java-serialization",
 title = "{Java object serialization documentation} -- http://download.oracle.com/javase /6/docs/technotes/guides/serialization/",
year = "Retrieved 2011",
month = "6"
}

@BOOK{cramer-rule,
	AUTHOR       = "Carl B. Boyer",
	TITLE        = "A History of Mathematics",
	PUBLISHER    = "Wiley",
	YEAR         = "1968",
	EDITION      = "2nd",
	NOTE         = "p. 431"
}

@book{iterative-compute,
 author = {Saad, Y.},
 title = {Iterative Methods for Sparse Linear Systems},
 year = {2003},
 isbn = {0898715342},
 edition = {2nd},
 publisher = {Society for Industrial and Applied Mathematics},
 address = {Philadelphia, PA, USA},
} 

@ARTICLE{PSM,
	AUTHOR       = "Klim S and Mortensen SB and Kristensen NR and Overgaard RV and Madsen H",
	TITLE        = "Population stochastic modelling (PSM) - An R package for mixed-effects models based on stochastic differential equations",
	JOURNAL      = "Computer Methods and Programs in Biomedicine",
	YEAR         = "2009",
	VOLUME       = "3",
	NUMBER       = "94",
	PAGES        = "279-289"
}

@INPROCEEDINGS{CPR,
	AUTHOR       = "Safar P",
	TITLE        = "History of cardiopulmonary-cerebral resuscitation",
	BOOKTITLE    = "Cardiopulmonary Resuscitation",
	YEAR         = "1989",
	PAGES        = "1-53",
	ADDRESS      = "New York"
}
@book{ECG,
  title={ECG complete},
  author={Bowbrick, S. and Borg, A.N.},
  year={2006},
  publisher={Churchill Livingstone}
}

@misc{snow,
 key = "snow",
 author = "Luke Tierney and A. J. Rossini and Na Li and H. Sevcikova",
 title = "{snow: Simple Network of Workstations} -- http://cran.r-project.org/web/packages/snow/",
year = "2011",
month = "May"
}

@ARTICLE{MPI,
	AUTHOR       = "Dongarra, J. and Hempel, R. and Hey, A. and Walker, D.",
	TITLE        = "MPI: A Message-Passing Interface Standard",
	JOURNAL      = "International Journal of Supercomputer Applications",
	YEAR         = "1994",
	VOLUME       = "8",
	PAGES        = "159-416"
}

@BOOK{PVM,
	AUTHOR       = "Geist, A. and Beguelin, A. and Dongarra, J. and Jiang, W. and Manchek, R. and Sunderam, V.",
	TITLE        = "PVM: Parallel
Virtual Machine",
	PUBLISHER    = "The MIT Press",
	YEAR         = "1994"
}

@ARTICLE{WMC,
	AUTHOR       = "Chidamber, S. R. and Kemerer C. F.",
	TITLE        = "A Metrics Suite for Object Oriented Design",
	JOURNAL      = "IEEE Transactions on Software Engineering",
	YEAR         = "1994",
	VOLUME       = "20",
	NUMBER       = "6",
	PAGES        = "476-493",
	MONTH        = "June"
}
@inproceedings{mcclure,
	author = {Carma L. McClure},
	title = {A model for program complexity analysis},
	booktitle = {International Conference on Software Engineering},
	year = {1978},
	pages = {149--157}
}
@ARTICLE{system-complexity,
	AUTHOR       = "Card, D. N. And W. W. Agresti",
	TITLE        = "Measuring Software Design Complexity",
	JOURNAL      = "The Journal of Systems And Software",
	YEAR         = "1988",
	VOLUME       = "3",
	NUMBER       = "8",
	PAGES        = "185-197",
	MONTH        = "June"
}


